<record><leader>00000cas a22000007a 4500</leader><controlfield tag="001">12265497</controlfield><controlfield tag="008">850715d18671871wiuwr ne      0    0eng d</controlfield><controlfield tag="009">3770</controlfield><datafield ind1=" " ind2=" " tag="010"><subfield code="a">sn 85040850 </subfield></datafield><datafield ind1=" " ind2=" " tag="040"><subfield code="a">NPV</subfield><subfield code="b">eng</subfield><subfield code="c">NPV</subfield><subfield code="d">DLC</subfield><subfield code="d">OCLCF</subfield></datafield><datafield ind1=" " ind2=" " tag="042"><subfield code="a">msc</subfield></datafield><datafield ind1=" " ind2=" " tag="043"><subfield code="a">n-us-wi</subfield></datafield><datafield ind1="0" ind2="0" tag="050"><subfield code="a">Newspaper</subfield></datafield><datafield ind1=" " ind2="4" tag="082"><subfield code="a">071</subfield></datafield><datafield ind1="0" ind2="0" tag="245"><subfield code="a">Sheboygan County herald.</subfield></datafield><datafield ind1="0" ind2="3" tag="246"><subfield code="a">Sheboygan herald</subfield></datafield><datafield ind1=" " ind2=" " tag="260"><subfield code="a">Sheboygan Falls, Wis. :</subfield><subfield code="b">C.S. McCausland,</subfield><subfield code="c">1867-</subfield></datafield><datafield ind1=" " ind2=" " tag="300"><subfield code="a">v.</subfield></datafield><datafield ind1=" " ind2=" " tag="310"><subfield code="a">Weekly</subfield></datafield><datafield ind1="0" ind2=" " tag="362"><subfield code="a">Vol. 1, no. 1 (Sept. 11, 1867)-</subfield></datafield><datafield ind1="1" ind2=" " tag="362"><subfield code="a">Ceased in March or April, 1871.</subfield></datafield><datafield ind1=" " ind2=" " tag="500"><subfield code="a">Publisher varies.</subfield></datafield><datafield ind1=" " ind2=" " tag="500"><subfield code="a">Published in Sheboygan Falls, Wis., Sept. 11, 1867-Jan. 14, 1870; in Sheboygan, Wis., Jan. 21, 18707-&lt;March 10, 1871&gt;.</subfield></datafield><datafield ind1=" " ind2="0" tag="651"><subfield code="a">Sheboygan Falls (Wis.)</subfield><subfield code="v">Newspapers.</subfield></datafield><datafield ind1=" " ind2="7" tag="655"><subfield code="a">Newspapers.</subfield><subfield code="2">fast</subfield><subfield code="0">(OCoLC)fst01423814</subfield></datafield><datafield ind1=" " ind2="7" tag="651"><subfield code="a">Wisconsin</subfield><subfield code="z">Sheboygan Falls.</subfield><subfield code="2">fast</subfield><subfield code="0">(OCoLC)fst01231781</subfield></datafield><datafield ind1=" " ind2=" " tag="752"><subfield code="a">United States</subfield><subfield code="b">Wisconsin</subfield><subfield code="c">Sheboygan</subfield><subfield code="d">Sheboygan Falls.</subfield></datafield><datafield ind1=" " ind2=" " tag="752"><subfield code="a">United States</subfield><subfield code="b">Wisconsin</subfield><subfield code="c">Sheboygan</subfield><subfield code="d">Sheboygan.</subfield></datafield><datafield ind1="0" ind2="0" tag="780"><subfield code="t">Northwestern record</subfield><subfield code="w">(DLC)sn 85040849</subfield></datafield><datafield ind1="0" ind2="0" tag="785"><subfield code="t">Sheboygan herald (Sheboygan, Wis. : 1871)</subfield><subfield code="w">(DLC)sn 85033270</subfield></datafield></record>